@article{planck2020,
  title={Planck 2018 results. VI. Cosmological parameters},
  author={{Planck Collaboration}},
  journal={Astronomy \& Astrophysics},
  volume={641},
  pages={A6},
  year={2020},
  doi={10.1051/0004-6361/201833910}
}

@article{riess2022,
  title={A Comprehensive Measurement of the Local Value of the Hubble Constant with 1 km s$^{-1}$ Mpc$^{-1}$ Uncertainty from the Hubble Space Telescope and the SH0ES Team},
  author={Riess, Adam G. and Yuan, Wenlong and Macri, Lucas M. and others},
  journal={The Astrophysical Journal Letters},
  volume={934},
  pages={L7},
  year={2022},
  doi={10.3847/2041-8213/ac5c5b}
}

@article{heymans2021,
  title={KiDS-1000 Cosmology: Multi-probe weak gravitational lensing and spectroscopic galaxy clustering constraints},
  author={Heymans, Catherine and Tröster, Tilman and Asgari, Marika and others},
  journal={Astronomy \& Astrophysics},
  volume={646},
  pages={A140},
  year={2021},
  doi={10.1051/0004-6361/202039063}
}

@article{DESI2024,
  title={DESI 2024 VI: Cosmological Constraints from the Measurements of Baryon Acoustic Oscillations},
  author={{DESI Collaboration}},
  journal={arXiv preprint arXiv:2404.03002},
  year={2024}
}

@article{poulin2019,
  title={Early Dark Energy Can Resolve The Hubble Tension},
  author={Poulin, Vivian and Smith, Tristan L. and Karwal, Tanvi and Kamionkowski, Marc},
  journal={Physical Review Letters},
  volume={122},
  pages={221301},
  year={2019},
  doi={10.1103/PhysRevLett.122.221301}
}

@article{clifton2012,
  title={Modified Gravity and Cosmology},
  author={Clifton, Timothy and Ferreira, Pedro G. and Padilla, Antonio and Skordis, Constantinos},
  journal={Physics Reports},
  volume={513},
  pages={1--189},
  year={2012},
  doi={10.1016/j.physrep.2012.01.001}
}

@article{hill2020,
  title={Early dark energy does not restore cosmological concordance},
  author={Hill, J. Colin and Calabrese, Erminia and Aiola, Simone and others},
  journal={Physical Review D},
  volume={102},
  pages={043507},
  year={2020},
  doi={10.1103/PhysRevD.102.043507}
}

@article{wang2016,
  title={Dark Matter and Dark Energy Interactions: Theoretical Challenges, Cosmological Implications and Observational Signatures},
  author={Wang, Bin and Abdalla, Elcio and Atrio-Barandela, Fernando and Pavón, Diego},
  journal={Reports on Progress in Physics},
  volume={79},
  pages={096901},
  year={2016},
  doi={10.1088/0034-4885/79/9/096901}
}

@article{garrison2021,
  title={The AbacusSummit Cosmological N-body Simulations},
  author={Garrison, Lehman H. and others},
  journal={Monthly Notices of the Royal Astronomical Society},
  volume={508},
  pages={575--596},
  year={2021},
  doi={10.1093/mnras/stab2482}
}

@article{barreira2014,
  title={Spherical collapse in Galileon gravity: fifth force solutions, halo mass function and halo bias},
  author={Barreira, Alexandre and Li, Baojiu and Baugh, Carlton M. and Pascoli, Silvia},
  journal={Journal of Cosmology and Astroparticle Physics},
  volume={11},
  number={056},
  year={2013},
  doi={10.1088/1475-7516/2013/11/056}
}

@article{pillepich2018,
  title={Simulating galaxy formation with the IllustrisTNG model},
  author={Pillepich, Annalisa and Springel, Volker and Nelson, Dylan and others},
  journal={Monthly Notices of the Royal Astronomical Society},
  volume={473},
  pages={4077--4106},
  year={2018},
  doi={10.1093/mnras/stx2656}
}

@article{Brout2022,
  title={The Pantheon+ Analysis: Cosmological Constraints},
  author={Brout, Dillon and Scolnic, Dan and Popovic, Brodie and others},
  journal={The Astrophysical Journal},
  volume={938},
  pages={110},
  year={2022},
  doi={10.3847/1538-4357/ac8e04}
}

@article{foreman2013,
  title={emcee: The MCMC Hammer},
  author={Foreman-Mackey, Daniel and Hogg, David W. and Lang, Dustin and Goodman, Jonathan},
  journal={Publications of the Astronomical Society of the Pacific},
  volume={125},
  pages={306},
  year={2013},
  doi={10.1086/670067}
}

@article{kamionkowski1994,
  title={Gravitational radiation from first-order phase transitions},
  author={Kamionkowski, Marc and Kosowsky, Arthur and Turner, Michael S.},
  journal={Physical Review D},
  volume={49},
  pages={2837--2851},
  year={1994},
  doi={10.1103/PhysRevD.49.2837}
}

@article{caprini2020,
  title={Detecting gravitational waves from cosmological phase transitions with LISA: an update},
  author={Caprini, Chiara and Hindmarsh, Mark and Huber, Stephan and others},
  journal={Journal of Cosmology and Astroparticle Physics},
  volume={03},
  number={024},
  year={2020},
  doi={10.1088/1475-7516/2020/03/024}
}

@article{Kawamura2021,
  title={Current status of space gravitational wave antenna DECIGO and B-DECIGO},
  author={Kawamura, Seiji and Ando, Masaki and Seto, Naoki and others},
  journal={Progress of Theoretical and Experimental Physics},
  volume={2021},
  pages={05A105},
  year={2021},
  doi={10.1093/ptep/ptab019}
}

@article{springel2018,
  title={First results from the IllustrisTNG simulations: matter and galaxy clustering},
  author={Springel, Volker and Pakmor, Rüdiger and Pillepich, Annalisa and others},
  journal={Monthly Notices of the Royal Astronomical Society},
  volume={475},
  pages={676--698},
  year={2018},
  doi={10.1093/mnras/stx3304}
}

@article{lesgourgues2011,
  title={The Cosmic Linear Anisotropy Solving System (CLASS) I: Overview},
  author={Lesgourgues, Julien},
  journal={arXiv preprint arXiv:1104.2932},
  year={2011}
}